<?xml version='1.0' encoding='UTF-8'?>
<record xmlns="http://www.loc.gov/MARC21/slim">
  <leader>00813cam a2200217 a 4500</leader>
  <controlfield tag="001">4092140</controlfield>
  <controlfield tag="003">NjP</controlfield>
  <controlfield tag="005">20120927223447.0</controlfield>
  <controlfield tag="008">001208s1961    iq            000 0 ara d</controlfield>
  <datafield tag="024" ind1="7" ind2=" ">
    <subfield code="a">princeton_aco002179</subfield>
    <subfield code="2">local</subfield>
  </datafield>
  <datafield ind1=" " ind2=" " tag="035">
    <subfield code="a">(OCoLC)54361273</subfield>
  </datafield>
  <datafield ind1=" " ind2=" " tag="035">
    <subfield code="a">(CStRLIN)NYUG00-B4027</subfield>
  </datafield>
  <datafield ind1=" " ind2=" " tag="040">
    <subfield code="a">NNU</subfield>
    <subfield code="c">NNU</subfield>
    <subfield code="d">NjP</subfield>
  </datafield>
  <datafield ind1=" " ind2="4" tag="050">
    <subfield code="a">DS79.9.B3</subfield>
    <subfield code="b">H8 1961</subfield>
  </datafield>
  <datafield ind1=" " ind2=" " tag="090">
    <subfield code="a">DS79.9.B3</subfield>
    <subfield code="b">H8 1961</subfield>
  </datafield>
  <datafield ind1="1" ind2=" " tag="100">
    <subfield code="a">Ḥuwayzī, ʻAbd ʻAlī ibn Nāṣir,</subfield>
    <subfield code="d">d. 1643 or 4.</subfield>
  </datafield>
  <datafield ind1="1" ind2="0" tag="245">
    <subfield code="a">Tārīkh al-imārah al-Afrāsīyābīyah, aw ḥalqah mafqūdah mion tārīkh al-Baṣrah /</subfield>
    <subfield code="c">bi-qalam Muḥammad al-Khāl.</subfield>
  </datafield>
  <datafield ind1=" " ind2=" " tag="260">
    <subfield code="a">[Baghdad :</subfield>
    <subfield code="b">s.n.],</subfield>
    <subfield code="c">1961.</subfield>
  </datafield>
  <datafield ind1=" " ind2="0" tag="440">
    <subfield code="a">Majmaʻ al-ʻIlmī al-ʻIrāqī</subfield>
  </datafield>
  <datafield ind1=" " ind2="0" tag="650">
    <subfield code="a">Afrāsiyābids.</subfield>
  </datafield>
  <datafield ind1="1" ind2=" " tag="700">
    <subfield code="a">Khāl, Muḥammad.</subfield>
  </datafield>
  <datafield ind1=" " ind2=" " tag="902">
    <subfield code="a">jab</subfield>
    <subfield code="b">r</subfield>
    <subfield code="6">a</subfield>
    <subfield code="7">m</subfield>
    <subfield code="d">v</subfield>
    <subfield code="f">0</subfield>
    <subfield code="e">20040114</subfield>
  </datafield>
  <datafield ind1="0" ind2=" " tag="852">
    <subfield code="0">4372920</subfield>
    <subfield code="b">nec</subfield>
    <subfield code="h">DS79.9.B37</subfield>
    <subfield code="i">H893 1961</subfield>
  </datafield>
  <datafield ind1=" " ind2=" " tag="959">
    <subfield code="a">2004-04-20 14:38:21 -0400</subfield>
  </datafield>
</record>
